@misc{ecomundo,
  author = "{Ecomundo}",
  title = "{Conformit√© internationale - Services \& Logiciels | EcoMundo}",
  howpublished = "\url{https://www.ecomundo.eu}",
  year = 2023,
  note = "Accessed on June 5, 2023"
}